@online{anaconda_docs,
  title = {Anaconda Documentation},
  url   = {https://docs.anaconda.com/},
  note  = {Accessed: 2024-08-12}
}
@book{book:fl,
  title     = {Federated Learning - A Comprehensive Overview of Methods and Applications},
  year      = {2022},
  doi       = {10.1007/978-3-030-96896-0},
  url       = {https://doi.org/10.1007/978-3-030-96896-0},
  researchr = {https://researchr.org/publication/22-30},
  editor    = {Ludwig, Heiko and Baracaldo, Nathalie},
  publisher = {Springer},
  isbn      = {978-3-030-96896-0}
}
@online{buildah_homepage,
  title = {Buildah Homepage},
  url   = {https://buildah.io/},
  note  = {Accessed: 2024-08-12}
}

@online{scopus_homepage,
  title = {Scopus Homepage},
  url   = {https://www.scopus.com/},
  note  = {Accessed: 2024-08-14}
}

@online{udemy_homepage,
  title = {Udemy Homepage},
  url   = {https://www.udemy.com/},
  note  = {Accessed: 2024-08-14}
}

@article{HPFL_over_massive_mobile_edge_computing_networks,
  author={You, Chaoqun and Guo, Kun and Yang, Howard H. and Quek, Tony Q. S.},
  journal={IEEE Transactions on Wireless Communications}, 
  title={Hierarchical Personalized Federated Learning Over Massive Mobile Edge Computing Networks}, 
  year={2023},
  volume={22},
  number={11},
  pages={8141-8157},
  doi={10.1109/TWC.2023.3260141}
}


@article{paper:cluster_based_secure_aggregation_for_fl,
  AUTHOR = {Kim, Jien and Park, Gunryeong and Kim, Miseung and Park, Soyoung},
  TITLE = {Cluster-Based Secure Aggregation for Federated Learning},
  JOURNAL = {Electronics},
  VOLUME = {12},
  YEAR = {2023},
  NUMBER = {4},
  ARTICLE-NUMBER = {870},
  URL = {https://www.mdpi.com/2079-9292/12/4/870},
  ISSN = {2079-9292},
  DOI = {10.3390/electronics12040870}
}

@inproceedings{paper:global_fl_platform_for_iot,
  author={Safri, Hamza and Kandi, Mohamed Mehdi and Miloudi, Youssef and Bortolaso, Christophe and Trystram, Denis and Desprez, Frédéric},
  booktitle={2022 IEEE 42nd International Conference on Distributed Computing Systems (ICDCS)}, 
  title={Towards Developing a Global Federated Learning Platform for IoT}, 
  year={2022},
  pages={1312-1315},
  doi={10.1109/ICDCS54860.2022.00145}
}

@article{paper:fl_toward_on_demand_client_deployment_at_edge,
  title = {On the feasibility of Federated Learning towards on-demand client deployment at the edge},
  journal = {Information Processing \& Management},
  volume = {60},
  number = {1},
  pages = {103150},
  year = {2023},
  issn = {0306-4573},
  doi = {https://doi.org/10.1016/j.ipm.2022.103150},
  url = {https://www.sciencedirect.com/science/article/pii/S0306457322002515},
  author = {Mario Chahoud and Safa Otoum and Azzam Mourad},
  keywords = {Edge computing, 6G, Artificial Intelligence, Federated Learning, Privacy, On-demand client deployment},
}


@inproceedings{paper:fedat_high_performance_communication_efficient_fl_with_asynch_tiers,
  author = {Chai, Zheng and Chen, Yujing and Anwar, Ali and Zhao, Liang and Cheng, Yue and Rangwala, Huzefa},
  title = {FedAT: a high-performance and communication-efficient federated learning system with asynchronous tiers},
  year = {2021},
  isbn = {9781450384421},
  publisher = {Association for Computing Machinery},
  address = {New York, NY, USA},
  url = {https://doi.org/10.1145/3458817.3476211},
  doi = {10.1145/3458817.3476211},
  booktitle = {Proceedings of the International Conference for High Performance Computing, Networking, Storage and Analysis},
  articleno = {60},
  numpages = {16},
  keywords = {weighted aggregation, tiering, federated learning, communication efficiency, asynchronous distributed learning},
  location = {St. Louis, Missouri},
  series = {SC '21}
}


@mastersthesis{thesis:tum_fl_framework_comparison,
  author  = {Saidani, Ahmed},
  university  = {TUM},
  title   = {A Systematic Comparison of Federated Machine Learning Libraries},
  year    = {2023}
}

@article{paper:cluster-based-secure-aggregation-FL,
  AUTHOR = {Kim, Jien and Park, Gunryeong and Kim, Miseung and Park, Soyoung},
  TITLE = {Cluster-Based Secure Aggregation for Federated Learning},
  JOURNAL = {Electronics},
  VOLUME = {12},
  YEAR = {2023},
  NUMBER = {4},
  ARTICLE-NUMBER = {870},
  URL = {https://www.mdpi.com/2079-9292/12/4/870},
  ISSN = {2079-9292},
  DOI = {10.3390/electronics12040870}
}

@misc{california_consumer_privacy_act,
  author = {California Legislature},
  title  = {California Consumer Privacy Act (CCPA)},
  year   = {2018},
  url    = {https://leginfo.legislature.ca.gov/faces/codes_displayText.xhtml?division=3.&part=4.&lawCode=CIV&title=1.81.5},
  note   = {Online; accessed August 11, 2024}
}

@online{cli_code,
  title = {Oakestra \& FLOps CLI Code Repository},
  url   = {https://github.com/oakestra/oakestra-cli},
  note  = {Accessed: 2024-08-12}
}

@online{containerd_docs,
  title = {containerd Documentation},
  url   = {https://containerd.io/docs/},
  note  = {Accessed: 2024-08-12}
}

@online{docker_docs,
  title = {Docker Documentation},
  url   = {https://docs.docker.com/},
  note  = {Accessed: 2024-08-12}
}

@misc{eu_regulation,
  author  = {The European Parliament and Council},
  journal = {Official Journal of the European Union},
  title   = {Regulation (EU) 2016/679 of the European Parliament and of the Council of 27 April 2016 on the protection of natural persons with regard to the processing of personal data and on the free movement of such data, and repealing Directive 95/46/EC (General Data Protection Regulation)},
  year    = {2016},
  url     = {https://eur-lex.europa.eu/eli/reg/2016/679/oj},
  note    = {Online; accessed August 11, 2024}
}

@online{flops_code,
  title = {FLOps Code Repository},
  url   = {https://github.com/oakestra/addon-FLOps},
  note  = {Accessed: 2024-08-12}
}

@online{flower_docs,
  title = {Flower Documentation},
  url   = {https://flower.ai/docs/},
  note  = {Accessed: 2024-08-12}
}

@online{kubernetes_docs,
  title = {Kubernetes Documentation},
  url   = {https://kubernetes.io/docs/home/},
  note  = {Accessed: 2024-08-12}
}

@online{mlflow_docs,
  title = {MLflow Documentation},
  url   = {https://www.mlflow.org/docs/latest/index.html#},
  note  = {Accessed: 2024-08-12}
}

@article{paper:ai_edge_iot_review,
  title    = {At the Confluence of Artificial Intelligence and Edge Computing in IoT-Based Applications: A Review and New Perspectives},
  author   = {Bourechak, Amira and Zedadra, Ouarda and Kouahla, Mohamed Nadjib and Guerrieri, Antonio and Seridi, Hamid and Fortino, Giancarlo},
  journal  = {Sensors},
  volume   = {23},
  number   = {3},
  year     = {2023},
  url      = {https://www.mdpi.com/1424-8220/23/3/1639},
  pubmedid = {36772680},
  issn     = {1424-8220},
  doi      = {10.3390/s23031639}
}

@inproceedings{paper:oakestra_usenix,
  author    = {Giovanni Bartolomeo and Mehdi Yosofie and Simon B{\"a}urle and Oliver Haluszczynski and Nitinder Mohan and J{\"o}rg Ott},
  title     = {Oakestra: A Lightweight Hierarchical Orchestration Framework for Edge Computing},
  booktitle = {2023 USENIX Annual Technical Conference (USENIX ATC 23)},
  year      = {2023},
  isbn      = {978-1-939133-35-9},
  address   = {Boston, MA},
  pages     = {215--231},
  url       = {https://www.usenix.org/conference/atc23/presentation/bartolomeo},
  publisher = {USENIX Association},
  month     = jul
}
@inproceedings{paper:original_fl,
  title     = {Communication-Efficient Learning of Deep Networks from Decentralized Data},
  author    = {McMahan, Brendan and Moore, Eider and Ramage, Daniel and Hampson, Seth and Arcas, Blaise Aguera y},
  booktitle = {Proceedings of the 20th International Conference on Artificial Intelligence and Statistics},
  pages     = {1273--1282},
  year      = {2017},
  editor    = {Singh, Aarti and Zhu, Jerry},
  volume    = {54},
  series    = {Proceedings of Machine Learning Research},
  publisher = {PMLR},
  pdf       = {http://proceedings.mlr.press/v54/mcmahan17a/mcmahan17a.pdf},
  url       = {https://proceedings.mlr.press/v54/mcmahan17a.html}
}